@article{bostrom_simulation_2003,
    title = {{Are We Living in a Computer Simulation? }},
    author = {Bostrom, Nick},
    journal = {The philosophical quarterly},
    volume = {53},
    number = {211},
    pages = {243--255},
    year = {2003},
    doi = {10.1111/1467-9213.00309},
}

@article{dieks_communication_1982,
    title = {{Communication by EPR devices}},
    author = {Dieks, DGBJ},
    journal = {Physics Letters A},
    volume = {92},
    number = {6},
    pages = {271--272},
    year = {1982},
    doi = {10.1016/0375-9601(82)90084-6},
}

@article{pompili_experimental_2022,
    title = {{Experimental demonstration of entanglement delivery using a quantum network stack}},
    author = {Pompili, Matteo and Delle Donne, Carlo and te Raa, Ingmar and van der Vecht, Bart and
              Skrzypczyk, Matthew and Ferreira, Guilherme and de Kluijver, Lisa and Stolk, Arian J
              and Hermans, Sophie LN and Pawe{\l}czak, Przemys{\l}aw and Kozlowski, Wojciech and
              Hanson, Ronald and Wehner, Stephanie},
    journal = {npj Quantum Information},
    volume = {8},
    number = {1},
    pages = {121},
    year = {2022},
    doi = {10.1038/s41534-022-00631-2},
}

@article{wehner_stages_2018,
    title = {{Quantum Internet: A Vision for the Road Ahead}},
    author = {Wehner, Stephanie and Elkouss, David and Hanson, Ronald},
    journal = {Science},
    volume = {362},
    number = {6412},
    pages = {1--9},
    year = {2018},
    doi = {10.1126/science.aam9288},
}

@article{wootters_nocloning_1982,
    title = {{A single quantum cannot be cloned}},
    author = {Wootters, William K and Zurek, Wojciech H},
    journal = {Nature},
    volume = {299},
    number = {},
    pages = {802--803},
    year = {1982},
    doi = {10.1038/299802a0},
}

@article{gorillaz_feelgoodinc,
    title = {{Feel Good Inc.}},
    author = {Gorillaz},
    journal = {Demon Days},
    year = {2005},
    presort = {yy},
}

@article{tool_lateralus,
    title = {{Lateralus}},
    author = {Tool},
    journal = {Lateralus},
    year = {2008},
    presort = {yy},
}

@online{broadcom_tomahawk,
    title = {{Tomahawk 5 / BCM78900 Series}},
    author = {Broadcom},
    url = {
           https://www.broadcom.com/products/ethernet-connectivity/switching/strataxgs/bcm78900-series
           },
    urldate = {2023-02-28},
    presort = {zz},
}

@online{cisco_2020,
    title = {{Cisco Annual Internet Report (2018â€“2023) White Paper}},
    author = {Cisco},
    url = {
           https://www.cisco.com/c/en/us/solutions/collateral/executive-perspectives/annual-internet-report/white-paper-c11-741490.html
           },
    urldate = {2023-02-28},
    presort = {zz},
}

@online{firefox_quantum,
    title = {{Introducing the New Firefox: Firefox Quantum}},
    author = {Mozilla},
    url = {https://blog.mozilla.org/en/mozilla/introducing-firefox-quantum/},
    urldate = {2023-02-28},
    presort = {zz},
}

@online{icann_2011,
    title = {{Available Pool of Unallocated IPv4 Internet Addresses Now Completely Emptied}},
    author = {ICANN},
    url = {https://itp.cdn.icann.org/en/files/announcements/release-03feb11-en.pdf},
    urldate = {2023-02-28},
    presort = {zz},
}

@online{juniper_qfx5220,
    title = {{QFX5220 Switches}},
    author = {Juniper},
    url = {
           https://www.juniper.net/us/en/products/switches/qfx-series/qfx5220-data-center-switches.html
           },
    urldate = {2023-02-28},
    presort = {zz},
}

@online{xkcd_teleportation,
    title = {{Quantum Teleportation}},
    author = {xkcd},
    url = {https://xkcd.com/465},
    urldate = {2023-02-28},
    presort = {zz},
}
