@article{abobeih_2018_one_sec,
    title = {{One-second Coherence for a Single Electron Spin Coupled to a Multi-qubit Nuclear-spin Environment}},
    author = {Mohamed H. {Abobeih} and Julia {Cramer} and Michiel A. {Bakker} and Norbert {Kalb} and Matthew {Markham} and Daniel J. {Twitchen} and Tim H. {Taminiau}},
    journal = {Nature Commun.},
    volume = {9},
    number = {1},
    pages = {1--8},
    year = {2018},
    doi = {10.1038/s41467-018-04916-z},
}

@article{barz_2012_demonstration,
    title = {{Demonstration of Blind Quantum Computing}},
    author = {Stefanie {Barz} and Elham {Kashefi} and Anne {Broadbent} and Joseph F. {Fitzsimons}
              and Anton {Zeilinger} and Philip {Walther}},
    journal = {Science},
    volume = {335},
    number = {6066},
    pages = {303--308},
    year = {2012},
    doi = {10.1126/science.1214707},
}

@article{bennett_1993_teleportation,
    title = {{Teleporting an Unknown Quantum State via Dual Classical and Einstein-Podolsky-Rosen
             Channels}},
    author = {Charles H. {Bennett} and Gilles {Brassard} and Claude {Crépeau} and Richard {Jozsa}
              and Asher {Peres} and William K. {Wootters}},
    journal = {Phys. Rev. Lett.},
    volume = {70},
    number = {13},
    pages = {1895--1899},
    year = {1993},
    doi = {10.1103/PhysRevLett.70.1895},
}

@article{bennett_2014_bb84,
    title = {{Quantum Cryptography: Public Key distribution and Coin Tossing}},
    author = {Charles H. {Bennett} and Gilles {Brassard}},
    journal = {Theor. Comput. Sci.},
    volume = {560},
    number = {1},
    pages = {7--11},
    year = {2014},
    doi = {10.1016/j.tcs.2014.05.025},
}

@article{bernien_2013_heralded,
    title = {{Heralded Entanglement between Solid-State Qubits Separated by Three Metres}},
    author = {Hannes {Bernien} and Bas {Hensen} and Wolfgang {Pfaff} and Gerwin {Koolstra} and
              Machiel S. {Blok} and Lucio {Robledo} and Tim H. {Taminiau} and Matthew {Markham} and
              Daniel J. {Twitchen} and Lilian {Childress} and Ronald {Hanson}},
    journal = {Nature},
    volume = {497},
    number = {},
    pages = {86--90},
    year = {2013},
    doi = {10.1038/nature12016},
}

@article{bostrom_2003_simulation,
    title = {{Are We Living in a Computer Simulation? }},
    author = {Bostrom, Nick},
    journal = {The philosophical quarterly},
    volume = {53},
    number = {211},
    pages = {243--255},
    year = {2003},
    doi = {10.1111/1467-9213.00309},
}

@article{bozzio_2020_coin,
    title = {{Quantum weak coin flipping with a single photon}},
    author = {Bozzio, Mathieu and Chabaud, Ulysse and Kerenidis, Iordanis and Diamanti, Eleni},
    journal = {Phys. Rev. A},
    volume = {102},
    number = {},
    pages = {022414},
    year = {2020},
    doi = {10.1103/PhysRevA.102.022414},
}

@article{bradley_2019_one_min,
    title = {{A Ten-Qubit Solid-State Spin Register with Quantum Memory up to One Minute}},
    author = {C. E. {Bradley} and J. {Randall} and M. H. {Abobeih} and R. C. {Berrevoets} and M. J. {Degen} and M. A. {Bakker} and M. {Markham} and D. J. {Twitchen} and T. H. {Taminiau}},
    journal = {Phys. Rev. X},
    volume = {9},
    number = {3},
    pages = {031045-1--031045-12},
    year = {2019},
    doi = {10.1103/PhysRevX.9.031045},
}

@article{childs_2005_secure_qc,
    title = {{Secure Assisted Quantum Computation}},
    author = {Andrew M. {Childs}},
    journal = {Quantum Inf. Comput.},
    volume = {5},
    number = {6},
    pages = {456--466},
    year = {2005},
    doi = {10.26421/QIC5.6-4},
}

@article{dieks_1982_communication,
    title = {{Communication by EPR devices}},
    author = {Dieks, DGBJ},
    journal = {Physics Letters A},
    volume = {92},
    number = {6},
    pages = {271--272},
    year = {1982},
    doi = {10.1016/0375-9601(82)90084-6},
}

@article{ekert_1991_e91,
    title = {{Quantum Cryptography based on Bell's Theorem}},
    author = {Artur K. {Ekert}},
    journal = {Phys. Rev. Lett.},
    volume = {67},
    number = {6},
    pages = {661--663},
    year = {1991},
    doi = {10.1103/PhysRevLett.67.661},
}

@article{gottesman_2012_telescope,
    title = {{Longer-Baseline Telescopes Using Quantum Repeaters}},
    author = {Daniel {Gottesman} and Thomas {Jennewein} and Sarah {Croke}},
    journal = {Phys. Rev. Lett.},
    volume = {109},
    number = {7},
    pages = {070503-1--070503-5},
    year = {2012},
    doi = {10.1103/PhysRevLett.109.070503},
}

@article{humphreys_2018_delivery,
    title = {{Deterministic Delivery of Remote Entanglement on a Quantum Network}},
    author = {Peter C. {Humphreys} and Norbert {Kalb} and Jaco P. J. {Morits} and Raymond N. {
              Schouten} and Raymond F. L. {Vermeulen} and Daniel J. {Twitchen} and Matthew {Markham}
              and Ronald {Hanson}},
    journal = {Nature},
    volume = {558},
    number = {7709},
    pages = {268--273},
    year = {2018},
    doi = {10.1038/s41586-018-0200-5},
}

@article{kimble_2008_quantum,
    title = {{The Quantum Internet}},
    author = {H. Jeff {Kimble}},
    journal = {Nature},
    volume = {453},
    number = {7198},
    pages = {1023--1030},
    year = {2008},
    doi = {10.1038/nature07127},
}

@article{komar_2014_clocks,
    title = {{A Quantum Network of Clocks}},
    author = {P. {Kómár} and E. M. {Kessler} and M. {Bishof} and L. {Jiang} and A. S. {Sørensen} and
              J. {Ye} and M. D. {Lukin}},
    journal = {Nature Phys.},
    volume = {10},
    number = {8},
    pages = {582--587},
    year = {2014},
    doi = {10.1038/nphys3000},
}

@article{liu_2022_photonic_diqkd,
    title = {{Toward a Photonic Demonstration of Device-Independent Quantum Key Distribution}},
    author = {Liu, Wen-Zhao and Zhang, Yu-Zhe and Zhen, Yi-Zheng and Li, Ming-Han and Liu, Yang and
              Fan, Jingyun and Xu, Feihu and Zhang, Qiang and Pan, Jian-Wei},
    journal = {Phys. Rev. Lett.},
    volume = {129},
    number = {5},
    pages = {050502},
    year = {2022},
    doi = {10.1103/PhysRevLett.129.050502},
}

@article{moehring_2007_ion_traps,
    title = {{Entanglement of Single-Atom Quantum Bits at a Distance}},
    author = {David L. {Moehring} and Peter {Maunz} and Steve {Olmschenk} and Kelly C. {Younge} and
              Dzmitry N. {Matsukevich} and L.-M. {Duan} and Christopher {Monroe}},
    journal = {Nature},
    volume = {449},
    number = {},
    pages = {68--71},
    year = {2007},
    doi = {10.1038/nature06118},
}

@article{ng_2012_noisystorage,
    title = {{Experimental implementation of bit commitment in the noisy-storage model}},
    author = {Nelly Huei Ying {Ng} and Siddarth K. {Joshi} and Chia {Chen Ming} and Christian {
              Kurtsiefer} and Stephanie {Wehner}},
    journal = {Nature communications},
    volume = {3},
    number = {1},
    pages = {1--7},
    year = {2012},
    doi = {10.1038/ncomms2268},
}

@article{pompili_2022_experimental,
    title = {{Experimental demonstration of entanglement delivery using a quantum network stack}},
    author = {Pompili, Matteo and Delle Donne, Carlo and te Raa, Ingmar and van der Vecht, Bart and
              Skrzypczyk, Matthew and Ferreira, Guilherme M and de Kluijver, Lisa and Stolk, Arian J
              and Hermans, Sophie L N and Pawełczak, Przemysław and Kozlowski, Wojciech and Hanson,
              Ronald and Wehner, Stephanie},
    journal = {npj Quantum Information},
    volume = {8},
    number = {1},
    pages = {121},
    year = {2022},
    doi = {10.1038/s41534-022-00631-2},
}

@article{pompili_2021_multinode,
    title = {{Realization of a Multinode Quantum Network of Remote Solid-State Qubits}},
    author = {Pompili, M and Hermans, S L N and Baier, S and Beukers, H K C and Humphreys, P C and
              Schouten, R N and Vermeulen, R F L and Tiggelman, M J and dos Santos Martins, L and
              Dirkse, B and Wehner, S and Hanson, R},
    journal = {Science},
    volume = {372},
    number = {6539},
    pages = {259--264},
    year = {2021},
    doi = {10.1126/science.abg1919},
}

@article{reiserer_2015_neutral_atoms,
    title = {{Cavity-based Quantum Networks with Single Atoms and Optical Photons}},
    author = {Andreas {Reiserer} and Gerhard {Rempe}},
    journal = {Rev. Mod. Phys.},
    volume = {87},
    number = {4},
    pages = {1379--1418},
    year = {2015},
    doi = {10.1103/RevModPhys.87.1379},
}

@article{thalacker_2019_anonymous,
    title = {{Anonymous and secret communication in quantum networks}},
    author = {Christopher {Thalacker} and Frederik {Hahn} and Jarn {de Jong} and Anna {Pappa} and
              Stefanie {Barz}},
    journal = {New Journal of Physics},
    volume = {23},
    number = {8},
    pages = {},
    year = {2021},
    doi = {10.1088/1367-2630/ac1808},
}

@article{vallone_2015_satellite,
    title = {{Experimental Satellite Quantum Communications}},
    author = {Giuseppe {Vallone} and Davide {Bacco} and Daniele {Dequal} and Simone {Gaiarin} and
              Vincenza {Luceri} and Giuseppe {Bianco} and Paolo {Villoresi}},
    journal = {Phys. Rev. Lett.},
    volume = {115},
    number = {4},
    pages = {040502-1--040502-5},
    year = {2015},
    doi = {10.1103/PhysRevLett.115.040502},
}

@article{vardoyan_2019_performance,
    title = {{On the Stochastic Analysis of a Quantum Entanglement Switch}},
    author = {Gayane {Vardoyan} and Saikat {Guha} and Philippe {Nain} and Don {Towsley}},
    journal = {Perform. Eval. Rev.},
    volume = {47},
    number = {2},
    pages = {27--29},
    year = {2019},
    doi = {10.1145/3374888.3374899},
}

@article{vardoyan_2022_netarch,
    title = {{On the Quantum Performance Evaluation of two Distributed Quantum Architectures}},
    author = {Gayane {Vardoyan} and Matthew {Skrzypczyk} and Stephanie {Wehner}},
    journal = {Performance Evaluation},
    volume = {153},
    number = {},
    pages = {1--26},
    year = {2022},
    doi = {10.1016/j.peva.2021.102242},
}

@article{wehner_2018_stages,
    title = {{Quantum Internet: A Vision for the Road Ahead}},
    author = {Wehner, Stephanie and Elkouss, David and Hanson, Ronald},
    journal = {Science},
    volume = {362},
    number = {6412},
    pages = {1--9},
    year = {2018},
    doi = {10.1126/science.aam9288},
}

@article{wootters_1982_nocloning,
    title = {{A single quantum cannot be cloned}},
    author = {Wootters, William K and Zurek, Wojciech H},
    journal = {Nature},
    volume = {299},
    number = {},
    pages = {802--803},
    year = {1982},
    doi = {10.1038/299802a0},
}

@article{yin_2017_satellite,
    title = {{Satellite-based Entanglement Distribution over 1200 Kilometers}},
    author = {Juan Yin and Yuan Cao and Yu-Huai Li and Sheng-Kai Liao and Liang Zhang and Ji-Gang
              Ren and Wen-Qi Cai and Wei-Yue Liu and Bo Li and Hui Dai and Guang-Bing Li and Qi-Ming
              Lu and Yun-Hong Gong and Yu Xu and Shuang-Lin Li and Feng-Zhi Li and Ya-Yun Yin and
              Zi-Qing Jiang and Ming Li and Jian-Jun Jia and Ge Ren and Dong He and Yi-Lin Zhou and
              Xiao-Xiang Zhang and Na Wang and Xiang Chang and Zhen-Cai Zhu and Nai-Le Liu and Yu-Ao
              Chen and Chao-Yang Lu and Rong Shu and Cheng-Zhi Peng and Jian-Yu Wang and Jian-Wei Pan
              },
    journal = {Science},
    volume = {356},
    number = {6343},
    pages = {1140--1144},
    year = {2017},
    doi = {10.1126/science.aan3211},
}

@article{zhang_2022_diqkd,
    title = {{A device-independent quantum key distribution system for distant users}},
    author = {Zhang, Wei and van Leent, Tim and Redeker, Kai and Garthoff, Robert and Schwonnek,
              René and Fertig, Florian and Eppelt, Sebastian and Rosenfeld, Wenjamin and Scarani,
              Valerio and Lim, Charles C-W and others},
    journal = {Nature},
    volume = {607},
    number = {7920},
    pages = {687--691},
    year = {2022},
    doi = {10.1038/s41586-022-04891-y},
}
