@unpublished{abrahams_2023_doa,
    title = {{Data Origin Authentication in the Quantum Network Protocol Stack}},
    author = {Abrahams, Joël S., and Delle Donne, Carlo, and Brussee, Paul, and Middelburg, Thomas,
              and Slater, Joshua, and Wehner, Stephanie},
    date = {2023-xx-yy},
    eprinttype = {arxiv},
    eprint = {xxxx.yyyy},
}

@unpublished{delledonne_2023_qnodeos,
    title = {{QNodeOS: An Operating System for Quantum Network Nodes}},
    author = {Delle Donne, C, and Pompili, M, and van der Vecht, B, and Hermans, S L N, and
              Skrzypczyk , M, and te Raa, I, and Ferreira, G M, and Montblanch, A R-P, and Iuliano, M
              , and Demetriou, N, and van Ommen, B, and Pawełczak, P, and Taminiau, T H, and
              Kozlowski , W, and Hanson, R, and Wehner, S},
    date = {2023-xx-yy},
    eprinttype = {arxiv},
    eprint = {xxxx.yyyy},
}
