@book{nielsen_chuang_2002,
    title = {Quantum Computation and Quantum Information},
    author = {Michael A. {Nielsen} and Isaac {Chuang}},
    year = {2002},
    publisher = {American Association of Physics Teachers},
}

@article{gorillaz_feelgoodinc,
    title = {{Feel Good Inc.}},
    author = {Gorillaz},
    journal = {Demon Days},
    year = {2005},
    presort = {yy},
}

@article{tool_lateralus,
    title = {{Lateralus}},
    author = {Tool},
    journal = {Lateralus},
    year = {2008},
    presort = {yy},
}
