@online{broadcom_tomahawk,
    title = {{Tomahawk 5 Ethernet Switch Series}},
    author = {Broadcom},
    url = {
           https://www.broadcom.com/products/ethernet-connectivity/switching/strataxgs/bcm78900-series
           },
    urldate = {2023-02-28},
    presort = {zz},
}

@online{cisco_2020,
    title = {{Cisco Annual Internet Report (2018â€“2023) White Paper}},
    author = {Cisco},
    url = {
           https://www.cisco.com/c/en/us/solutions/collateral/executive-perspectives/annual-internet-report/white-paper-c11-741490.html
           },
    urldate = {2023-02-28},
    presort = {zz},
}

@online{firefox_quantum,
    title = {{Introducing the New Firefox: Firefox Quantum}},
    author = {Mozilla},
    url = {https://blog.mozilla.org/en/mozilla/introducing-firefox-quantum/},
    urldate = {2023-02-28},
    presort = {zz},
}

@online{freertos,
    title = {{FreeRTOS Real-time Operating System for Microcontrollers}},
    author = {Amazon Web Services, Inc.},
    url = {https://www.freertos.org/},
    urldate = {2023-02-28},
    presort = {zz},
}

@online{icann_2011,
    title = {{Available Pool of Unallocated IPv4 Internet Addresses Now Completely Emptied}},
    author = {ICANN},
    url = {https://itp.cdn.icann.org/en/files/announcements/release-03feb11-en.pdf},
    urldate = {2023-02-28},
    presort = {zz},
}

@online{juniper_qfx5220,
    title = {{QFX5220 Switches}},
    author = {Juniper},
    url = {
           https://www.juniper.net/us/en/products/switches/qfx-series/qfx5220-data-center-switches.html
           },
    urldate = {2023-02-28},
    presort = {zz},
}

@online{netqasm_sdk,
    title = {Net{QASM} {SDK}},
    author = {QuTech},
    url = {https://github.com/QuTech-Delft/netqasm},
    urldate = {2023-02-28},
    presort = {zz},
}

@online{whiterabbit,
    title = {{The White Rabbit Project}},
    author = {CERN},
    url = {https://white-rabbit.web.cern.ch/},
    urldate = {2023-02-28},
    presort = {zz},
}

@online{xkcd_teleportation,
    title = {{Quantum Teleportation}},
    author = {xkcd},
    url = {https://xkcd.com/465},
    urldate = {2023-02-28},
    presort = {zz},
}
