@inproceedings{benor_2005_byzantine,
    title = {{Fast Quantum Byzantine Agreement}},
    author = {Michael {Ben-Or} and Avinatan {Hassidim}},
    booktitle = {Proc. STOC},
    publisher = {ACM},
    pages = {481--485},
    year = {2005},
    doi = {10.1145/1060590.1060662},
}

@inproceedings{broadbent_2009_ubqc,
    title = {{Universal Blind Quantum Computation}},
    author = {Anne {Broadbent} and Joseph {Fitzsimons} and Elham {Kashefi}},
    booktitle = {Proc. FOCS},
    publisher = {IEEE},
    pages = {517--526},
    year = {2009},
    doi = {10.1109/FOCS.2009.36},
}

@inproceedings{dahlberg_2019_egp,
    title = {{A Link Layer Protocol for Quantum Networks}},
    author = {Axel {Dahlberg} and Matthew {Skrzypczyk} and Tim {Coopmans} and Leon {Wubben} and
              Filip {Rozpędek} and Matteo {Pompili} and Arian {Stolk} and Przemysław {Pawełczak} and
              Robert {Knegjens} and Julio {de Oliveira Filho} and Ronald {Hanson} and Stephanie {
              Wehner}},
    booktitle = {Proc. SIGCOMM},
    publisher = {ACM},
    pages = {159--173},
    year = {2019},
    doi = {10.1145/3341302.3342070},
}
